@misc{artsobs,
  url = {https://doi.org/10.15468/zjbzel},
  doi = {10.15468/zjbzel},
  author = {{The Norwegian Biodiversity Information Centre}},
  title = {Norwegian Species Observation Service},
  publisher = {The Norwegian Biodiversity Information Centre (NBIC)},
  year = {2022},
  copyright = {Creative Commons Attribution 4.0 International}
}

@book{bhl1,
	title = {The Birds of Europe},
	copyright = {Public domain. The BHL considers that this work is no longer under copyright protection.},
	url = {https://doi.org/10.5962/bhl.title.65989},
  doi = {10.5962/bhl.title.65989},
	publisher = {London, Printed by R. and J.E. Taylor, published by the author},
	author = {Gould, Elizabeth and Gould, John and Lear, Edward},
	year = {1837}
}

@book{bhl2,
	title = {The Birds of Asia},
	url = {https://doi.org/10.5962/bhl.title.54727},
  doi = {10.5962/bhl.title.54727},
	publisher = {London, Printed by Taylor and Francis, published by the author},
	author = {Gould, John and Sharpe, Richard Bowdler and Richter, Henry Constantine and Hart, William Matthew and Wolf, Joseph and Taylor & Francis. and Hullmandel & Walton},
	year = {1850}
}

@book{bhl3,
	title = {The birds of Great Britain},
	url = {https://doi.org/10.5962/bhl.title.127814},
	doi = {10.5962/bhl.title.127814},
	publisher = {London, Printed by Taylor and Francis, published by the author},
	author = {Gould, John and Wolf, Joseph and Richter, Henry Constantine and Hart, William Matthew and {{Walter of England, Archbishop of Palermo}}},
	year = {1873}
}

@article{Boakes2010,
  doi = {10.1371/journal.pbio.1000385},
  url = {https://doi.org/10.1371/journal.pbio.1000385},
  year = {2010},
  month = jun,
  publisher = {Public Library of Science ({PLoS})},
  volume = {8},
  number = {6},
  pages = {e1000385},
  author = {Elizabeth H. Boakes and Philip J. K. McGowan and Richard A. Fuller and Ding Chang-qing and Natalie E. Clark and Kim O{\textquotesingle}Connor and Georgina M. Mace},
  title = {Distorted Views of Biodiversity: Spatial and Temporal Bias in Species Occurrence Data},
  journal = {{PLoS} Biology}
}

@misc{CBD,
  author       = {{Secretariat of the Convention on Biological Diversity}},
  title        = {Global Biodiversity Outlook 5},
  month        = sep,
  year         = 2020,
  publisher    = {{Secretariat of the Convention on Biological Diversity}}
}

@article{Ceccaroni2019,
  doi = {10.5334/cstp.241},
  url = {https://doi.org/10.5334/cstp.241},
  year = {2019},
  publisher = {Ubiquity Press,  Ltd.},
  volume = {4},
  number = {1},
  author = {Luigi Ceccaroni and James Bibby and Erin Roger and Paul Flemons and Katina Michael and Laura Fagan and Jessica L. Oliver},
  title = {Opportunities and Risks for Citizen Science in the Age of Artificial Intelligence},
  journal = {Citizen Science: Theory and Practice}
}

@article{Christin2019,
  doi = {10.1111/2041-210x.13256},
  url = {https://doi.org/10.1111/2041-210x.13256},
  year = {2019},
  month = jul,
  publisher = {Wiley},
  volume = {10},
  number = {10},
  pages = {1632--1644},
  author = {Sylvain Christin and {\'{E}}ric Hervet and Nicolas Lecomte},
  editor = {Hao Ye},
  title = {Applications for deep learning in ecology},
  journal = {Methods in Ecology and Evolution}
}

@article{ESA,
  url = {https://maps.elie.ucl.ac.be/CCI/viewer/download/ESACCI-LC-Ph2-PUGv2_2.0.pdf},
  author = {{ESA}},
  title = {Land Cover CCI Product User Guide Version 2},
  journal = {Tech. Rep.},
  year = {2017},
  copyright = {Creative Commons Attribution 4.0 International}
}

@misc{GBIF,
  url = {https://doi.org/10.15468/DL.TC4W55},
  doi = {10.15468/DL.TC4W55},
  author = {{GBIF.org}},
  title = {GBIF Occurrence Download},
  publisher = {The Global Biodiversity Information Facility},
  year = {2021}
}

@book{Goodfellow,
    title={Deep Learning},
    author={Ian Goodfellow and Yoshua Bengio and Aaron Courville},
    publisher={MIT Press},
    url={http://www.deeplearningbook.org},
    year={2016}
}

@article{Hansen2019,
  url = {https://doi.org/10.1002/ece3.5921},
  doi = {10.1002/ece3.5921},
  year = {2019},
  month = dec,
  publisher = {Wiley},
  volume = {10},
  number = {2},
  pages = {737--747},
  author = {Oskar L. P. Hansen and Jens-Christian Svenning and Kent Olsen and Steen Dupont and Beulah H. Garner and Alexandros Iosifidis and Benjamin W. Price and Toke T. H{\o}ye},
  title = {Species-level image classification with convolutional neural network enables insect identification from habitus images},
  journal = {Ecology and Evolution}
}

@book{IPBES,
	address = {Bonn, Germany},
	title = {Thematic assessment of the sustainable use of wild species of the {Intergovernmental} {Science}-{Policy} {Platform} on {Biodiversity} and {Ecosystem} {Services}},
	shorttitle = {{IPBES} {Sustainable} {Use} {Assessment}},
	url = {https://doi.org/10.5281/zenodo.6448567},
  doi = {10.5281/zenodo.6448567},
	urldate = {2022-05-26},
	publisher = {IPBES Secretariat},
	author = {IPBES},
	editor = {Fromentin, Jean-Marc and Emery, Marla R. and Donaldson, John and Danner, Marie-Claire and Hallosserie, Agnès and Kieling, Daniel},
	month = jul,
	year = {2022},
	doi = {10.5281/ZENODO.6448567}
}

@book{IPCC,
	title = {Climate Change 2022: Impacts, Adaptation, and Vulnerability. Contribution of Working Group II to the Sixth Assessment Report of the Intergovernmental Panel on Climate Change},
	publisher = {Cambridge University Press. In Press},
	author = {IPCC},
	editor = {H.-O. Pörtner and D.C. Roberts and M. Tignor and E.S. Poloczanska and K. Mintenbeck and A. Alegría and M. Craig and S. Langsdorf and S. Löschke and V. Möller and A. Okem and B. Rama},
	year = {2022}
}

@article{Kirkeby2021,
  doi = {10.1038/s41598-021-81005-0},
  url = {https://doi.org/10.1038/s41598-021-81005-0},
  year = {2021},
  month = jan,
  publisher = {Springer Science and Business Media {LLC}},
  volume = {11},
  number = {1},
  author = {Carsten Kirkeby and Klas Rydhmer and Samantha M. Cook and Alfred Strand and Martin T. Torrance and Jennifer L. Swain and Jord Prangsma and Andreas Johnen and Mikkel Jensen and Mikkel Brydegaard and Kaare Gr{\ae}sb{\o}ll},
  title = {Advances in automatic identification of flying insects using optical sensors and machine learning},
  journal = {Scientific Reports}
}

@article{Koch2022,
  doi = {10.1038/s41598-022-11257-x},
  url = {https://doi.org/10.1038/s41598-022-11257-x},
  year = {2022},
  month = may,
  publisher = {Springer Science and Business Media {LLC}},
  volume = {12},
  number = {1},
  author = {Wouter Koch and Laurens Hogeweg and Erlend B. Nilsen and Anders G. Finstad},
  title = {Maximizing citizen scientists' contribution to automated species recognition},
  journal = {Scientific Reports}
}

@misc{Kalas,
  url = {https://doi.org/10.15468/6jmw2e},
  doi = {10.15468/6jmw2e},
  author = {Kålås, J A and Øien, I J and Stokke, B and Vang, R},
  title = {TOV-E Bird monitoring sampling data. Version 1.6},
  publisher = {Norwegian Institute for Nature Research},
  year = {2022},
  copyright = {Creative Commons Attribution 4.0 International}
}

@article{Lotfian2021,
  doi = {10.3390/su13148087},
  url = {https://doi.org/10.3390/su13148087},
  year = {2021},
  month = jul,
  publisher = {{MDPI} {AG}},
  volume = {13},
  number = {14},
  pages = {8087},
  author = {Maryam Lotfian and Jens Ingensand and Maria Antonia Brovelli},
  title = {The Partnership of Citizen Science and Machine Learning: Benefits,  Risks,  and Future Challenges for Engagement,  Data Collection,  and Data Quality},
  journal = {Sustainability}
}

@article{Lukhtanov2019,
  doi = {10.1134/s0013873819040055},
  url = {https://doi.org/10.1134/s0013873819040055},
  year = {2019},
  month = jul,
  publisher = {Pleiades Publishing Ltd},
  volume = {99},
  number = {4},
  pages = {463--472},
  author = {V. A. Lukhtanov},
  title = {Species Delimitation and Analysis of Cryptic Species Diversity in the {XXI} Century},
  journal = {Entomological Review}
}

@online{NBIC,
  author = {{Norwegian Biodiversity Information Centre}},
  title = {Species Nomenclature Database},
  year = 2021,
  urldate = {2022-06-15},
  url = {http://eksport.artsdatabanken.no/Artsnavnebase}
}

@article{Pedregosa,
author = {Pedregosa, Fabian and Varoquaux, Ga\"{e}l and Gramfort, Alexandre and Michel, Vincent and Thirion, Bertrand and Grisel, Olivier and Blondel, Mathieu and Prettenhofer, Peter and Weiss, Ron and Dubourg, Vincent and Vanderplas, Jake and Passos, Alexandre and Cournapeau, David and Brucher, Matthieu and Perrot, Matthieu and Duchesnay, \'{E}douard},
title = {Scikit-Learn: Machine Learning in Python},
year = {2011},
issue_date = {2/1/2011},
publisher = {JMLR.org},
volume = {12},
journal = {J. Mach. Learn. Res.},
month = {nov},
pages = {2825-2830},
numpages = {6}
}

@article{Scholes2008,
  doi = {10.1126/science.1162055},
  url = {https://doi.org/10.1126/science.1162055},
  year = {2008},
  month = aug,
  publisher = {American Association for the Advancement of Science ({AAAS})},
  volume = {321},
  number = {5892},
  pages = {1044--1045},
  author = {R. J. Scholes and G. M. Mace and W. Turner and G. N. Geller and N. J\"{u}rgens and A. Larigauderie and D. Muchoney and B. A. Walther and H. A. Mooney},
  title = {Toward a Global Biodiversity Observing System},
  journal = {Science}
}

@article{Sheard2020,
  doi = {10.1038/s41467-020-16313-6},
  url = {https://doi.org/10.1038/s41467-020-16313-6},
  year = {2020},
  month = may,
  publisher = {Springer Science and Business Media {LLC}},
  volume = {11},
  number = {1},
  author = {Catherine Sheard and Montague H. C. Neate-Clegg and Nico Alioravainen and Samuel E. I. Jones and Claire Vincent and Hannah E. A. MacGregor and Tom P. Bregman and Santiago Claramunt and Joseph A. Tobias},
  title = {Ecological drivers of global gradients in avian dispersal inferred from wing morphology},
  journal = {Nature Communications}
}

@article{Silvertown2009,
  doi = {10.1016/j.tree.2009.03.017},
  url = {https://doi.org/10.1016/j.tree.2009.03.017},
  year = {2009},
  month = sep,
  publisher = {Elsevier {BV}},
  volume = {24},
  number = {9},
  pages = {467--471},
  author = {Jonathan Silvertown},
  title = {A new dawn for citizen science},
  journal = {Trends in Ecology \& Evolution}
}

@misc{Tkachenko,
  title={{Label Studio}: Data labeling software},
  url={https://github.com/heartexlabs/label-studio},
  note={Open source software available from https://github.com/heartexlabs/label-studio},
  author={
    Maxim Tkachenko and
    Mikhail Malyuk and
    Andrey Holmanyuk and
    Nikolai Liubimov},
  year={2020-2022},
}

@article{Troudet2017,
  doi = {10.1038/s41598-017-09084-6},
  url = {https://doi.org/10.1038/s41598-017-09084-6},
  year = {2017},
  month = aug,
  publisher = {Springer Science and Business Media {LLC}},
  volume = {7},
  number = {1},
  author = {Julien Troudet and Philippe Grandcolas and Amandine Blin and R{\'{e}}gine Vignes-Lebbe and Fr{\'{e}}d{\'{e}}ric Legendre},
  title = {Taxonomic bias in biodiversity data and societal preferences},
  journal = {Scientific Reports}
}

@article{Wldchen2018,
  doi = {10.1371/journal.pcbi.1005993},
  url = {https://doi.org/10.1371/journal.pcbi.1005993},
  year = {2018},
  month = apr,
  publisher = {Public Library of Science ({PLoS})},
  volume = {14},
  number = {4},
  pages = {e1005993},
  author = {Jana W\"{a}ldchen and Michael Rzanny and Marco Seeland and Patrick M\"{a}der},
  editor = {Alexander Bucksch},
  title = {Automated plant species identification{\textemdash}Trends and future directions},
  journal = {{PLOS} Computational Biology}
}

@article{Weinstein2017,
  doi = {10.1111/1365-2656.12780},
  url = {https://doi.org/10.1111/1365-2656.12780},
  year = {2017},
  month = nov,
  publisher = {Wiley},
  volume = {87},
  number = {3},
  pages = {533--545},
  author = {Ben G. Weinstein},
  editor = {Laura Prugh},
  title = {A computer vision for animal ecology},
  journal = {Journal of Animal Ecology}
}

@article{Wetzel2018,
  doi = {10.1016/j.biocon.2017.12.024},
  url = {https://doi.org/10.1016/j.biocon.2017.12.024},
  year = {2018},
  month = may,
  publisher = {Elsevier {BV}},
  volume = {221},
  pages = {78--85},
  author = {Florian T. Wetzel and Heather C. Bingham and Quentin Groom and Peter Haase and Urmas K{\~{o}}ljalg and Michael Kuhlmann and Corinne S. Martin and Lyubomir Penev and Tim Robertson and Hannu Saarenmaa and Dirk S. Schmeller and Stefan Stoll and Jonathan D. Tonkin and Christoph L. H\"{a}user},
  title = {Unlocking biodiversity data: Prioritization and filling the gaps in biodiversity observation data in Europe},
  journal = {Biological Conservation}
}

@article{Xu2021,
  doi = {10.1038/s41559-020-01375-y},
  url = {https://doi.org/10.1038/s41559-020-01375-y},
  year = {2021},
  month = jan,
  publisher = {Springer Science and Business Media {LLC}},
  volume = {5},
  number = {4},
  pages = {411--418},
  author = {Haigen Xu and Yun Cao and Dandan Yu and Mingchang Cao and Yuxiao He and Michael Gill and Henrique M. Pereira},
  title = {Ensuring effective implementation of the post-2020 global biodiversity targets},
  journal = {Nature Ecology \& Evolution}
}

